@book{smith2020example,
  author    = {John Smith},
  title     = {An Example Book},
  year      = {2020},
  publisher = {Example Publisher},
  address   = {Example City},
  edition   = {2nd},
}

@article{doe2019research,
  author  = {Jane Doe and John Roe},
  title   = {An In-Depth Research on Examples},
  journal = {Journal of Examples},
  year    = {2019},
  volume  = {42},
  number  = {3},
  pages   = {123--456},
  doi     = {10.1234/example.2019.042},
}

@inproceedings{lee2018conference,
  author    = {Alice Lee and Bob Brown},
  title     = {Example Conference Paper},
  booktitle = {Proceedings of the 10th International Conference on Examples},
  year      = {2018},
  editor    = {Carol White and Dave Green},
  pages     = {789--798},
  address   = {Example City},
  month     = {July},
  publisher = {Example Publisher},
}

@inbook{miller2017chapter,
  author    = {Eve Miller},
  editor    = {Frank Black},
  title     = {A Chapter on Examples},
  booktitle = {Handbook of Examples},
  year      = {2017},
  publisher = {Example Publisher},
  address   = {Example City},
  chapter   = {5},
  pages     = {99--120},
}

@misc{website2021example,
  author    = {Example Author},
  title     = {Example Website},
  year      = {2021},
  howpublished = {\url{https://www.example.com}},
  note      = {Accessed: 2021-12-13}
}
